<collection xmlns="http://www.loc.gov/MARC21/slim">
<record>
  <leader>01926ncm0a22003491i 450 </leader>
  <controlfield tag="001">IT\ICCU\CNCE\044800</controlfield>
  <controlfield tag="005">20091026000000.0</controlfield>
  <datafield tag="100" ind1=" " ind2=" ">
    <subfield code="a">19990118d1590        0itac0103    ba</subfield>
  </datafield>
  <datafield tag="101" ind1=" " ind2=" ">
    <subfield code="a">LAT</subfield>
  </datafield>
  <datafield tag="102" ind1=" " ind2=" ">
    <subfield code="a">IT</subfield>
  </datafield>
  <datafield tag="200" ind1="1" ind2=" ">
    <subfield code="a">℗Liber primus Ioan. Petrialoysii Praenestini ℗motectorum quae partim quinis, partim senis, partim septenis vocibus concinantur</subfield>
  </datafield>
  <datafield tag="210" ind1=" " ind2=" ">
    <subfield code="a">Venezia</subfield>
    <subfield code="c">Angelo Gardane</subfield>
    <subfield code="d">1590</subfield>
  </datafield>
  <datafield tag="215" ind1=" " ind2=" ">
    <subfield code="a">6 fasc.</subfield>
    <subfield code="d">4ʻ</subfield>
  </datafield>
  <datafield tag="300" ind1=" " ind2=" ">
    <subfield code="a">S, A, T, B, 5, 6</subfield>
  </datafield>
  <datafield tag="620" ind1=" " ind2=" ">
    <subfield code="a">IT</subfield>
    <subfield code="d">Venezia</subfield>
  </datafield>
  <datafield tag="700" ind1=" " ind2="1">
    <subfield code="a">Palestrina,</subfield>
    <subfield code="b">Giovanni Pierluigi : da</subfield>
    <subfield code="3">IT\ICCU\CNCA\011746</subfield>
  </datafield>
  <datafield tag="712" ind1="0" ind2="0">
    <subfield code="a">Gardane, Angelo</subfield>
    <subfield code="3">IT\ICCU\CNCT\001443</subfield>
    <subfield code="4">650</subfield>
  </datafield>
  <datafield tag="790" ind1=" " ind2="1">
    <subfield code="a">Praenestinus,</subfield>
    <subfield code="b">Ioannes Petrus Aloysius</subfield>
    <subfield code="3">IT\ICCU\CNCA\021937</subfield>
    <subfield code="z">Palestrina, Giovanni Pierluigi : da</subfield>
  </datafield>
  <datafield tag="790" ind1=" " ind2="0">
    <subfield code="a">Giannetto</subfield>
    <subfield code="3">IT\ICCU\CNCA\021938</subfield>
    <subfield code="z">Palestrina, Giovanni Pierluigi : da</subfield>
  </datafield>
  <datafield tag="790" ind1=" " ind2="1">
    <subfield code="a">Praenestinus,</subfield>
    <subfield code="b">Ioannes Petraloysius</subfield>
    <subfield code="3">IT\ICCU\CNCA\021939</subfield>
    <subfield code="z">Palestrina, Giovanni Pierluigi : da</subfield>
  </datafield>
  <datafield tag="790" ind1=" " ind2="1">
    <subfield code="a">Praenestinus,</subfield>
    <subfield code="b">Joannes Petrus Aloysius</subfield>
    <subfield code="3">IT\ICCU\CNCA\021940</subfield>
    <subfield code="z">Palestrina, Giovanni Pierluigi : da</subfield>
  </datafield>
  <datafield tag="791" ind1="0" ind2="0">
    <subfield code="a">Gardanus, Angelus</subfield>
    <subfield code="3">IT\ICCU\CNCT\004834</subfield>
    <subfield code="z">Gardane, Angelo</subfield>
  </datafield>
  <datafield tag="791" ind1="0" ind2="0">
    <subfield code="a">Gardano, Angelo</subfield>
    <subfield code="3">IT\ICCU\CNCT\004835</subfield>
    <subfield code="z">Gardane, Angelo</subfield>
  </datafield>
  <datafield tag="801" ind1=" " ind2="3">
    <subfield code="a">IT</subfield>
    <subfield code="b">ICCU</subfield>
    <subfield code="c">20201114</subfield>
  </datafield>
  <datafield tag="899" ind1=" " ind2=" ">
    <subfield code="a">Biblioteca comunale. Fabriano</subfield>
    <subfield code="z">(A,5)</subfield>
    <subfield code="1">AN0033</subfield>
    <subfield code="2">URB BF</subfield>
  </datafield>
  <datafield tag="899" ind1=" " ind2=" ">
    <subfield code="a">Museo Internazionale e Biblioteca della Musica. Bologna</subfield>
    <subfield code="z">(S,B)</subfield>
    <subfield code="1">BO0310</subfield>
    <subfield code="2">UBO BM</subfield>
  </datafield>
  <datafield tag="899" ind1=" " ind2=" ">
    <subfield code="a">Biblioteca Apostolica Vaticana. Citt ̉del Vaticano</subfield>
    <subfield code="1">EX0001</subfield>
    <subfield code="2">ZCV 01</subfield>
  </datafield>
  <datafield tag="899" ind1=" " ind2=" ">
    <subfield code="a">Biblioteca comunale Ariostea. Ferrara</subfield>
    <subfield code="1">FE0017</subfield>
    <subfield code="2">UFE AR</subfield>
  </datafield>
  <datafield tag="899" ind1=" " ind2=" ">
    <subfield code="a">Biblioteca comunale. Assisi</subfield>
    <subfield code="1">PG0001</subfield>
    <subfield code="2">UM1 10</subfield>
  </datafield>
  <datafield tag="899" ind1=" " ind2=" ">
    <subfield code="a">Biblioteca musicale governativa del Conservatorio di musica S. Cecilia. Roma</subfield>
    <subfield code="z">(A)</subfield>
    <subfield code="1">RM0266</subfield>
    <subfield code="2">RMR SC</subfield>
  </datafield>
  <datafield tag="911" ind1=" " ind2=" ">
    <subfield code="a">Sul front. di A</subfield>
    <subfield code="9">IT\ICCU\CNCM\002390</subfield>
  </datafield>
  <datafield tag="921" ind1=" " ind2=" ">
    <subfield code="a">IT\ICCU\CNCM\002390</subfield>
    <subfield code="b">Orso e leone rampanti sorreggono una rosa con al centro un giglio.</subfield>
    <subfield code="e">Concordes virtute et naturae miraculis</subfield>
    <subfield code="c">U920</subfield>
    <subfield code="f">ORSO</subfield>
    <subfield code="f">LEONE</subfield>
    <subfield code="f">GIGLIO</subfield>
    <subfield code="f">CONCORDESV</subfield>
    <subfield code="g">1587-1600</subfield>
  </datafield>
</record>
</collection>
